@article{chaabouni2019anti,
  title={Anti-efficient encoding in emergent communication},
  author={Chaabouni, Rahma and Kharitonov, Eugene and Dupoux, Emmanuel and Baroni, Marco},
  journal={Advances in Neural Information Processing Systems},
  volume={32},
  year={2019}
}

@article{rita2020lazimpa,
  title={" LazImpa": Lazy and Impatient neural agents learn to communicate efficiently},
  author={Rita, Mathieu and Chaabouni, Rahma and Dupoux, Emmanuel},
  journal={arXiv preprint arXiv:2010.01878},
  year={2020}
}
