@book{savage1972foundations,
  title={The foundations of statistics},
  author={Savage, Leonard J},
  year={1972},
  publisher={Courier Corporation}
}

@article{ferrari2021nonhuman,
  title={Nonhuman primates satisfy utility maximization in compliance with the continuity axiom of Expected Utility Theory},
  author={Ferrari-Toniolo, Simone and Bujold, Philipe M and Grabenhorst, Fabian and B{\'a}ez-Mendoza, Raymundo and Schultz, Wolfram},
  journal={Journal of Neuroscience},
  volume={41},
  number={13},
  pages={2964--2979},
  year={2021},
  publisher={Soc Neuroscience}
}

@article{cohen2007should,
  title={Should I stay or should I go? How the human brain manages the trade-off between exploitation and exploration},
  author={Cohen, Jonathan D and McClure, Samuel M and Yu, Angela J},
  journal={Philosophical Transactions of the Royal Society B: Biological Sciences},
  volume={362},
  number={1481},
  pages={933--942},
  year={2007},
  publisher={The Royal Society London}
}

@article{banks1994switching,
  title={Switching costs and the Gittins index},
  author={Banks, Jeffrey S and Sundaram, Rangarajan K},
  journal={Econometrica: Journal of the Econometric Society},
  pages={687--694},
  year={1994},
  publisher={JSTOR}
}

@article{friston2009free,
  title={The free-energy principle: a rough guide to the brain?},
  author={Friston, Karl},
  journal={Trends in cognitive sciences},
  volume={13},
  number={7},
  pages={293--301},
  year={2009},
  publisher={Elsevier}
}

@article{buckley2017free,
  title={The free energy principle for action and perception: A mathematical review},
  author={Buckley, Christopher L and Kim, Chang Sub and McGregor, Simon and Seth, Anil K},
  journal={Journal of Mathematical Psychology},
  volume={81},
  pages={55--79},
  year={2017},
  publisher={Elsevier}
}

@article{gigerenzer2011heuristic,
  title={Heuristic decision making},
  author={Gigerenzer, Gerd and Gaissmaier, Wolfgang},
  journal={Annual review of psychology},
  volume={62},
  pages={451--482},
  year={2011},
  publisher={Annual Reviews}
}

@article{newell2005re,
  title={Re-visions of rationality?},
  author={Newell, Ben R},
  journal={Trends in cognitive sciences},
  volume={9},
  number={1},
  pages={11--15},
  year={2005},
  publisher={Elsevier}
}





@article{blanchard2021accurately,
  title={Accurately computing the log-sum-exp and softmax functions},
  author={Blanchard, Pierre and Higham, Desmond J and Higham, Nicholas J},
  journal={IMA Journal of Numerical Analysis},
  volume={41},
  number={4},
  pages={2311--2330},
  year={2021},
  publisher={Oxford University Press}
}

@book{OTAM,
  title={Optimal transport for applied mathematicians},
  author={Santambrogio, Filippo},
  journal={Birk{\"a}user, NY},
  volume={55},
  number={58-63},
  pages={94},
  year={2015},
  publisher={Springer}
}

@book{gammacv,
	author = {Gianni Dal Maso},
	title = {An Introduction to Gamma-Convergence},
	date = {1993},
}

@article{TOUB,
  title={A model for the optimal planning of an urban area},
  author={Buttazzo, Giuseppe and Santambrogio, Filippo},
  journal={SIAM journal on mathematical analysis},
  volume={37},
  number={2},
  pages={514--530},
  year={2005},
  publisher={SIAM}
}


@article{hanks2015distinct,
  title={Distinct relationships of parietal and prefrontal cortices to evidence accumulation},
  author={Hanks, Timothy D and Kopec, Charles D and Brunton, Bingni W and Duan, Chunyu A and Erlich, Jeffrey C and Brody, Carlos D},
  journal={Nature},
  volume={520},
  number={7546},
  pages={220--223},
  year={2015},
  publisher={Nature Publishing Group}
}

@article{suzuki2013distinct,
  title={Distinct neural mechanisms of distractor suppression in the frontal and parietal lobe},
  author={Suzuki, Mototaka and Gottlieb, Jacqueline},
  journal={Nature neuroscience},
  volume={16},
  number={1},
  pages={98--104},
  year={2013},
  publisher={Nature Publishing Group}
}

@article{shannon1948mathematical,
  title={A mathematical theory of communication},
  author={Shannon, Claude Elwood},
  journal={The Bell system technical journal},
  volume={27},
  number={3},
  pages={379--423},
  year={1948},
  publisher={Nokia Bell Labs}
}

@article{SOL2015,
  title={Convolutional wasserstein distances: Efficient optimal transportation on geometric domains},
  author={Solomon, Justin and De Goes, Fernando and Peyr{\'e}, Gabriel and Cuturi, Marco and Butscher, Adrian and Nguyen, Andy and Du, Tao and Guibas, Leonidas},
  journal={ACM Transactions on Graphics (TOG)},
  volume={34},
  number={4},
  pages={1--11},
  year={2015},
  publisher={ACM New York, NY, USA}
}

@article{chakravorty2014multi,
  title={Multi-armed bandits, Gittins index, and its calculation},
  author={Chakravorty, Jhelum and Mahajan, Aditya},
  journal={Methods and applications of statistics in clinical trials: Planning, analysis, and inferential methods},
  volume={2},
  number={416-435},
  pages={455},
  year={2014},
  publisher={Wiley New York, NY}
}

@article{findling2021imprecise,
  title={Imprecise neural computations as a source of adaptive behaviour in volatile environments},
  author={Findling, Charles and Chopin, Nicolas and Koechlin, Etienne},
  journal={Nature Human Behaviour},
  volume={5},
  number={1},
  pages={99--112},
  year={2021},
  publisher={Nature Publishing Group}
}

@article{benamou2015iterative,
  title={Iterative Bregman projections for regularized transportation problems},
  author={Benamou, Jean-David and Carlier, Guillaume and Cuturi, Marco and Nenna, Luca and Peyr{\'e}, Gabriel},
  journal={SIAM Journal on Scientific Computing},
  volume={37},
  number={2},
  pages={A1111--A1138},
  year={2015},
  publisher={SIAM}
}

@article{koechlin2007information,
  title={An information theoretical approach to prefrontal executive function},
  author={Koechlin, Etienne and Summerfield, Christopher},
  journal={Trends in cognitive sciences},
  volume={11},
  number={6},
  pages={229--235},
  year={2007},
  publisher={Elsevier}
}

@article{domenech2020neural,
  title={Neural mechanisms resolving exploitation-exploration dilemmas in the medial prefrontal cortex},
  author={Domenech, Philippe and Rheims, Sylvain and Koechlin, Etienne},
  journal={Science},
  volume={369},
  number={6507},
  pages={eabb0184},
  year={2020},
  publisher={American Association for the Advancement of Science}
}


@article{findling2019computational,
  title={Computational noise in reward-guided learning drives behavioral variability in volatile environments},
  author={Findling, Charles and Skvortsova, Vasilisa and Dromnelle, R{\'e}mi and Palminteri, Stefano and Wyart, Valentin},
  journal={Nature neuroscience},
  volume={22},
  number={12},
  pages={2066--2077},
  year={2019},
  publisher={Nature Publishing Group}
}
